@book{testref, author={Doe, Jane}, title={Test Reference}, year={2020}}
